@book{syropoulos2007digital,
  title={Digital Typography Using LaTeX},
  author={Syropoulos, A. and Tsolomitis, A. and Sofroniou, N.},
  isbn={9780387224367},
  lccn={2002070557},
  series={Springer professional computing},
  url={https://books.google.com.vn/books?id=LLYYisjrFdEC},
  year={2007},
  publisher={Springer New York}
}
