@article{key_article,
  author  = {"test"},
  journal = {"test"},
  number  = {"test"},
  title   = {"test"},
  volume  = {"test"},
  year    = {"test"}
}
@book{key_book,
  author        = {"test"},
  editor        = {"test"},
  publisher     = {"test"},
  title         = {"test"},
  year          = {"test"}
}